@BOOK{Rulliere2004,
  title     = "Femtosecond Laser Pulses",
  editor    = "Rulliere, Claude",
  publisher = "Springer",
  series    = "Advanced Texts in Physics",
  edition   =  2,
  month     =  oct,
  year      =  2004,
  address   = "New York, NY",
  language  = "en"
}

@ARTICLE{Brabec2000,
  title     = "Intense few-cycle laser fields: Frontiers of nonlinear optics",
  author    = "Brabec, Thomas and Krausz, Ferenc",
  journal   = "Rev. Mod. Phys.",
  publisher = "American Physical Society (APS)",
  volume    =  72,
  number    =  2,
  pages     = "545--591",
  month     =  apr,
  year      =  2000,
  copyright = "http://link.aps.org/licenses/aps-default-license",
  language  = "en"
}

@article{Krausz2009,
  title = {Attosecond physics},
  author = {Krausz, Ferenc and Ivanov, Misha},
  journal = {Rev. Mod. Phys.},
  volume = {81},
  issue = {1},
  pages = {163--234},
  numpages = {0},
  year = {2009},
  month = {Feb},
  publisher = {American Physical Society},
  doi = {10.1103/RevModPhys.81.163},
  url = {https://link.aps.org/doi/10.1103/RevModPhys.81.163}
}

@ARTICLE{Krausz2009a,
  title     = "Attosecond metrology: From electron capture to future signal processing",
  author    = "Krausz, Ferenc and Stockman, Mark I.",
  journal   = "Nature Photonics",
  publisher = "Springer Nature",
  volume    =  2,
  number    =  2,
  pages     = "33--36",
  month     =  feb,
  year      =  2009,
}

@ARTICLE{Corkum2007,
  title     = "Attosecond science",
  author    = "Corkum, P B and Krausz, Ferenc",
  journal   = "Nat. Phys.",
  publisher = "Springer Science and Business Media LLC",
  volume    =  3,
  number    =  6,
  pages     = "381--387",
  month     =  jun,
  year      =  2007,
  language  = "en"
}

